@article{allVSOne,
    author = "Tao Chen",
    title = "{All versus one: An empirical comparison on retrained and incremental machine learning for modeling performance of adaptable software.}",
    journal = " 14th International Symposium on Software Engineering for Adaptive and Self-Managing Systems, SEAMS 19",
    publisher = "IEEE",
    pages = "157-168",
    year = "2019",
    keywords = "allVSOne"
}
@article{toAdaptNotToAdapt,
    author = "Tao Chen and Rami Bahsoon and Shuo Wang and and Xin Yao",
    title = "{To adapt or not to adapt?: Technical debt and learning driven self-adaptation for managing runtime performance}",
    journal = "ACM/SPEC International Conference on Performance Engineering, ICPE 18",
    publisher = "ACM",
    pages = "48-55",
    year = "2018",
    keywords = "toAdaptNotToAdapt"
}
@article{ruleBasedSASystems,
    author = "Sona Ghahremani and Christian M. Adriano and and Holger Giese",
    title = "{Training prediction models for rule-based self-adaptive systems}",
    journal = "International Conference on Autonomic Computing (ICAC)",
    pages = "187-192",
    year = "2018",
    keywords = "ruleBasedSASystems"
}
@article{SAAutoRobots,
    author = "Pooyan Jamshidi and Javier C´amara and Bradley Schmerl and Christian K¨astner and and David Garlan",
    title = "{Machine learning meets quantitative planning: Enabling self-adaptation in autonomous robots}",
    journal = "14th Intl. Symposium on Software Engineering for Adaptive and Self-Managing Systems, SEAMS 19",
    publisher = "IEEE",
    pages = "39-50",
    year = "2019",
    keywords = "SAAutoRobots"
}
@article{transferLearning,
    author = "Pooyan Jamshidi and Miguel Velez and Christian K¨astner and Norbert Siegmund and and Prasad Kawthekar",
    title = "{Transfer learning for improving model predictions in highly configurable software}",
    journal = "12th International Symposium on Software Engineering for Adaptive and Self-Managing Systems, SEAMS 17",
    publisher = "IEEE",
    pages = "31-41",
    year = "2017",
    keywords = "transferLearning"
}
@article{featureModelGuidedLearning,
    author = "Andreas Metzger and Cl´ement Quinton and Zolt´an Ad´am Mann and Luciano Baresi and and Klaus Pohl",
    title = "{Feature-model-guided online learning for self-adaptive systems. CoRR}",
    journal = " CoRR, abs/1907.09158",
    year = "2019",
    keywords = "featureModelGuidedLearning"
}
@article{efficientAnalysisAdaptionSpaces,
    author = "Federico Quin and Danny Weyns and Thomas Bamelis and Sarpreet Singh Buttar and and Sam Michiels",
    title = "{Efficient analysis of large adaptation spaces in self-adaptive systems using machine learning.}",
    journal = " 14th International Symposium on Software Engineering for Adaptive and Self-Managing Systems, SEAMS 19",
    publisher = "IEEE",
    pages = "1-12",
    year = "2019",
    keywords = "efficientAnalysisAdaptionSpaces"
}
@article{decisionMakingSASystems,
    author = "Jeroen Van Der Donckt and Danny Weyns and M. Usman Iftikhar and and Sarpreet Singh Buttar",
    title = "{Effective decision making in self-adaptive systems using cost-benefit analysis at runtime and online learning of adaptation spaces}",
    journal = "Evaluation of Novel Approaches to Software Engineering, Cham",
    publisher = "Springer",
    pages = "373-403",
    year = "2019",
    keywords = "decisionMakingSASystems"
}
@article{softwareEngineeringSA,
    author = "Danny Weyns",
    title = "{Software Engineering of Self-adaptive Systems}",
    journal = "Cham",
    publisher = "Springer",
    pages = "399-443",
    year = "2019",
    keywords = "softwareEngineeringSA"
}
@article{selfManagement,
    author = "J. Kephart and D.Chess",
    title = "{The Vision of Autonomic Computing}",
    journal = "Computer, 36(1)",
    pages = "41-50",
    year = "2003",
    keywords = "selfManagement"
}
@BOOK{machineLearning,
  TITLE = {The hundred-page machine learning book},
  AUTHOR = {Burkov, Andriy},
  YEAR = {2019}, % I looked it up
  PUBLISHER = {Andriy Burkov}
}